@article{einstein,
    author =       "Albert Einstein",
    title =        "{Zur Elektrodynamik bewegter K{\"o}rper}. ({German})
    [{On} the electrodynamics of moving bodies]",
    journal =      "Annalen der Physik",
    volume =       "322",
    number =       "10",
    pages =        "891--921",
    year =         "1905",
    DOI =          "http://dx.doi.org/10.1002/andp.19053221004",
    keywords =     "physics"
}

@article{abawigreiner,
    author =       {{Abawi, Greiner}},
    title =        {{E-Mails: Archivierung und Management â€“ Not und Tugend}},
    journal =      {{Wirtschaftsinformatik \& Management}},
    volume =       "3",
    number =       "10",
    pages =        "56--63",
    year =         "2011",
    DOI =          "10.1365/s35764-011-0013-x"
}

@book{dittmer,
    title={Nutzwertanalyse},
    author="Gonde Dittmer",
    year={1995},
    publisher={Gabler Verlag},
    doi = {10.1007/978-3-663-05929-5_5}
}

@book{dirac,
    title={The Principles of Quantum Mechanics},
    author={Paul Adrien Maurice Dirac},
    isbn={9780198520115},
    series={International series of monographs on physics},
    year={1981},
    publisher={Clarendon Press},
    keywords = {physics}
}

@online{knuthwebsite,
    author      =   "Donald Knuth",
    title       =   "Knuth: Computers and Typesetting",
    url         =   "http://www-cs-faculty.stanford.edu/~uno/abcde.html",
    year        =   {2017},
    keywords    =   "latex,knuth"
}

@inbook{knuth-fa,
    author = "Donald E. Knuth",
    title = "Fundamental Algorithms",
    publisher = "Addison-Wesley",
    year = "1973",
    chapter = "1.2",
    keywords  = "knuth,programming"
}

@misc{ao,
    title = "Abgabenordnung",
    url = "https://www.gesetze-im-internet.de/ao_1977/__147.html",
    urldate = "2023-11-05",
    year = "2022"
}

@online{ustg,
    title = "Umsatzsteuergesetz",
    url = "https://www.gesetze-im-internet.de/tkg_2021/",
    year = "2023"
}